<?xml version="1.0" encoding="UTF-8"?><collection xmlns="http://www.loc.gov/MARC21/slim"><record><leader>00614nam--2200169-i-4500</leader><controlfield tag="001">000007482</controlfield><controlfield tag="002">20161230</controlfield><controlfield tag="005">20161230201027</controlfield><controlfield tag="008">060222s1000------------r-----000-0-eng-d</controlfield><datafield ind1=" " ind2=" " tag="040"><subfield code="a">IFIN-HH</subfield></datafield><datafield ind1=" " ind2=" " tag="080"><subfield code="a">535.338.4</subfield></datafield><datafield ind1="1" ind2=" " tag="110"><subfield code="a">The University Of Exeter</subfield></datafield><datafield ind1="1" ind2="0" tag="245"><subfield code="a">Xii colloquium spectroscopicum internationale exeter, 11-17 july, 1965</subfield><subfield code="b">Under the auspices of the british spectroscopists co-ordinating committee in collaboration with the institute of physics and physical society</subfield></datafield><datafield ind1=" " ind2=" " tag="260"><subfield code="a">London</subfield><subfield code="b">Hilger &amp; Watts Ltd</subfield><subfield code="c">1965</subfield></datafield><datafield ind1=" " ind2=" " tag="300"><subfield code="a">XVIII+702P</subfield></datafield><datafield ind1=" " ind2=" " tag="852"><subfield code="a">22910</subfield><subfield code="c">535.33</subfield></datafield><datafield ind1=" " ind2=" " tag="CAT"><subfield code="a">Sys</subfield><subfield code="c">20101202</subfield><subfield code="h">153639</subfield></datafield></record></collection>